@INPROCEEDINGS{Rengasamy2015, 
author={P. V. Rengasamy and A. Sivasubramaniam and M. T. Kandemir and C. R. Das}, 
booktitle={Parallel Architecture and Compilation (PACT)}, 
title={Exploiting Staleness for Approximating Loads on CMPs}, 
year={2015},
}

@INPROCEEDINGS{Huh2004,
 author = {J. Huh and J. Chang and D. Burger and G. S. Sohi},
 title = {Coherence Decoupling: Making Use of Incoherence},
 booktitle = {Architectural Support for Programming Languages and Operating Systems (ASPLOS)},
 year = {2004},
} 

@INPROCEEDINGS{Lepak2000, 
author={K. M. Lepak and M. H. Lipasti}, 
booktitle={International Symposium on Microarchitecture (MICRO)}, 
title={Silent stores for free}, 
year={2000}, 
}

@INPROCEEDINGS{Lepak2002,
 author = {Lepak, Kevin M. and Lipasti, Mikko H.},
 title = {Temporally Silent Stores},
 booktitle = {Architectural Support for Programming Languages and Operating Systems (ASPLOS)},
 year = {2002},
} 

@INPROCEEDINGS{Lipasti1996,
 author = {Lipasti, Mikko H. and Wilkerson, Christopher B. and Shen, John Paul},
 title = {Value Locality and Load Value Prediction},
 booktitle = {Architectural Support for Programming Languages and Operating Systems (ASPLOS)},
 year = {1996},
}

@INPROCEEDINGS{Ranger2007, 
author={C. Ranger and R. Raghuraman and A. Penmetsa and G. Bradski and C. Kozyrakis}, 
booktitle={International Symposium on High Performance Computer Architecture  (HPCA)}, 
title={Evaluating MapReduce for Multi-core and Multiprocessor Systems}, 
year={2007}, 
}


@INPROCEEDINGS{Wang2008, 
author={X. Wang and G. Gan and J. Manzano and D. Fan and S. Guo}, 
booktitle={International Conference on Parallel and Distributed Systems (ICPADS)}, 
title={A Quantitative Study of the On-Chip Network and Memory Hierarchy Design for Many-Core Processor}, 
year={2008}, 
}


@inproceedings{Liu:2014,
 author = {Liu, Tongping and Tian, Chen and Hu, Ziang and Berger, Emery D.},
 title = {PREDATOR: Predictive False Sharing Detection},
 booktitle = {Proceedings of the 19th ACM SIGPLAN Symposium on Principles and Practice of Parallel Programming},
 series = {PPoPP '14},
 year = {2014},
}

@inproceedings{Liu:2011,
 author = {Liu, Tongping and Berger, Emery D.},
 title = {SHERIFF: Precise Detection and Automatic Mitigation of False Sharing},
 booktitle = {Proceedings of the 2011 ACM International Conference on Object Oriented Programming Systems Languages and Applications},
 series = {OOPSLA '11},
 year = {2011},
} 

@article{Binkert2011,
 author = {Binkert, Nathan and Beckmann, Bradford and Black, Gabriel and Reinhardt, Steven K. and Saidi, Ali and Basu, Arkaprava and Hestness, Joel and Hower, Derek R. and Krishna, Tushar and Sardashti, Somayeh and Sen, Rathijit and Sewell, Korey and Shoaib, Muhammad and Vaish, Nilay and Hill, Mark D. and Wood, David A.},
 title = {The Gem5 Simulator},
 journal = {SIGARCH Comput. Archit. News},
 year = {2011},
} 

