@INPROCEEDINGS{Rengasamy2015, 
author={P. V. Rengasamy and A. Sivasubramaniam and M. T. Kandemir and C. R. Das}, 
booktitle={Parallel Architecture and Compilation (PACT)}, 
title={Exploiting Staleness for Approximating Loads on CMPs}, 
year={2015},
}


@INPROCEEDINGS{phoenix, 
author={C. Ranger and R. Raghuraman and A. Penmetsa and G. Bradski and C. Kozyrakis}, 
booktitle={International Symposium on High Performance Computer Architecture  (HPCA)}, 
title={Evaluating MapReduce for Multi-core and Multiprocessor Systems}, 
year={2007}, 
}



@article{Binkert2011,
 author = {Binkert, Nathan and Beckmann, Bradford and Black, Gabriel and Reinhardt, Steven K. and Saidi, Ali and Basu, Arkaprava and Hestness, Joel and Hower, Derek R. and Krishna, Tushar and Sardashti, Somayeh and Sen, Rathijit and Sewell, Korey and Shoaib, Muhammad and Vaish, Nilay and Hill, Mark D. and Wood, David A.},
 title = {The Gem5 Simulator},
 journal = {SIGARCH Comput. Archit. News},
 year = {2011},
}

@INPROCEEDINGS{Muralimanohar2007, 
author={N. {Muralimanohar} and R. {Balasubramonian} and N. {Jouppi}}, 
booktitle={40th Annual IEEE/ACM International Symposium on Microarchitecture (MICRO 2007)}, 
title={Optimizing NUCA Organizations and Wiring Alternatives for Large Caches with CACTI 6.0}, 
year={2007}, 
}


@misc{gem5_MOESI,
  title = {gem5 MOESI CMP directory},
  howpublished = {\url{http://gem5.org/MOESI_CMP_directory}},
  note = {Accessed: 2019-03-04}
}


@INPROCEEDINGS{polybench, 
author={S. {Grauer-Gray} and L. {Xu} and R. {Searles} and S. {Ayalasomayajula} and J. {Cavazos}}, 
booktitle={2012 Innovative Parallel Computing (InPar)}, 
title={Auto-tuning a high-level language targeted to GPU codes}, 
year={2012},
month={May},}

@INPROCEEDINGS{lva, 
author={J. {San Miguel} and M. {Badr} and N. {Enright Jerger}}, 
booktitle={2014 47th Annual IEEE/ACM International Symposium on Microarchitecture}, 
title={Load Value Approximation}, 
year={2014}, 
month={Dec},}